<record><leader>00000cas a2200000 a 4500</leader><controlfield tag="001">36919885</controlfield><controlfield tag="008">970516d197819uufluwr ne      0    0eng c</controlfield><datafield ind1=" " ind2=" " tag="010"><subfield code="a">sn 97027784 </subfield></datafield><datafield ind1=" " ind2=" " tag="040"><subfield code="a">FUG</subfield><subfield code="b">eng</subfield><subfield code="c">FUG</subfield><subfield code="d">OCLCQ</subfield><subfield code="d">OCLCF</subfield><subfield code="d">OCLCO</subfield></datafield><datafield ind1="1" ind2=" " tag="029"><subfield code="a">AU@</subfield><subfield code="b">000013252400</subfield></datafield><datafield ind1=" " ind2=" " tag="042"><subfield code="a">pcc</subfield></datafield><datafield ind1=" " ind2=" " tag="043"><subfield code="a">n-us-fl</subfield></datafield><datafield ind1="0" ind2=" " tag="130"><subfield code="a">Press (New Port Richey, Fla.)</subfield></datafield><datafield ind1="1" ind2="0" tag="245"><subfield code="a">Press.</subfield></datafield><datafield ind1="1" ind2="3" tag="246"><subfield code="a">New Port Richey press</subfield></datafield><datafield ind1=" " ind2=" " tag="260"><subfield code="a">New Port Richey, Fla. :</subfield><subfield code="b">Sun Coast Pub. Associates,</subfield><subfield code="c">1978-</subfield></datafield><datafield ind1=" " ind2=" " tag="300"><subfield code="a">v. :</subfield><subfield code="b">ill.</subfield></datafield><datafield ind1=" " ind2=" " tag="310"><subfield code="a">Weekly</subfield></datafield><datafield ind1="0" ind2=" " tag="362"><subfield code="a">62nd ed., no. 13 (Mar. 30, 1978)-</subfield></datafield><datafield ind1=" " ind2=" " tag="500"><subfield code="a">"West Pasco's newspaper serving New Port Richey, Port Richey, Holiday, Hudson, Elfers, Aripeka and Spring Hill."</subfield></datafield><datafield ind1=" " ind2=" " tag="588"><subfield code="a">Latest issue consulted: 63rd ed., no. 52 (Dec. 27, 1979).</subfield></datafield><datafield ind1=" " ind2="0" tag="651"><subfield code="a">New Port Richey (Fla.)</subfield><subfield code="v">Newspapers.</subfield></datafield><datafield ind1=" " ind2="0" tag="651"><subfield code="a">Pasco County (Fla.)</subfield><subfield code="v">Newspapers.</subfield></datafield><datafield ind1=" " ind2="7" tag="655"><subfield code="a">Newspapers.</subfield><subfield code="2">fast</subfield><subfield code="0">(OCoLC)fst01423814</subfield></datafield><datafield ind1=" " ind2="7" tag="651"><subfield code="a">Florida</subfield><subfield code="z">New Port Richey.</subfield><subfield code="2">fast</subfield><subfield code="0">(OCoLC)fst01213156</subfield></datafield><datafield ind1=" " ind2="7" tag="651"><subfield code="a">Florida</subfield><subfield code="z">Pasco County.</subfield><subfield code="2">fast</subfield><subfield code="0">(OCoLC)fst01211151</subfield></datafield><datafield ind1=" " ind2=" " tag="752"><subfield code="a">United States</subfield><subfield code="b">Florida</subfield><subfield code="c">Pasco</subfield><subfield code="d">New Port Richey.</subfield></datafield><datafield ind1="0" ind2="0" tag="780"><subfield code="t">New Port Richey press</subfield><subfield code="w">(DLC)sn 97027783</subfield><subfield code="w">(OCoLC)36919884</subfield></datafield></record>